
@book{kirillov2008introduction,
  title={An Introduction to Lie Groups and Lie Algebras},
  author={Kirillov, Alexander},
  isbn={9781139473040},
  series={Cambridge Studies in Advanced Mathematics},
  url={http://books.google.ee/books?id=mzdBA5P9b34C},
  year={2008},
  publisher={Cambridge University Press}
}

@book{hall2003lie,
  title={Lie Groups, Lie Algebras, and Representations: An Elementary Introduction},
  author={Hall, Brian},
  isbn={9780387401225},
  lccn={03054237},
  series={Graduate Texts in Mathematics},
  url={http://books.google.ee/books?id=m1VQi8HmEwcC},
  year={2003},
  publisher={Springer}
}

@article{latt2013,
    title={Minkowski aegruumi geomeetriast},
    author={Lätt, Priit},
    publisher={Tartu Ülikool},
    year={2013}
}

@book{bourbaki1989lie,
  title={Lie Groups and Lie Algebras: Chapters 1-3},
  author={N. Bourbaki},
  isbn={9783540642428},
  lccn={88031203},
  series={Bourbaki, Nicolas: Elements of mathematics},
  url={http://books.google.ee/books?id=brSYF\_rB2ZcC},
  year={1989},
  publisher={Hermann}
}

@Article{Abramov:2014,
    author        = "Abramov, Viktor",
    title         = "{Super 3-Lie Algebras Induced by Super Lie Algebras}",
    year          = "2014",
    archivePrefix = "arXiv",
    eprint        = "1410.5923",
    primaryClass  = "math.RA",
}
@article{2345079,
    abstract     = {As n-ary operations, generalizing Lie and Poisson algebras, arise in many different physical contexts, it is interesting to study general ways of constructing explicit realizations of such multilinear structures. Generically, they describe the dynamics of a physical system, and there is a need of understanding their quantization. Hom-Nambu-Lie algebras provide a framework that might be an appropriate setting in which n-Lie algebras (n-ary Nambu-Lie algebras) can be deformed, and their quantization studied. We present a procedure to construct (n + 1)-ary Hom-Nambu-Lie algebras from n-ary Hom-Nambu-Lie algebras equipped with a generalized trace function. It turns out that the implications of the compatibility conditions, that are necessary for this construction, can be understood in terms of the kernel of the trace function and the range of the twisting maps. Furthermore, we investigate the possibility of defining (n + k)-Lie algebras from n-Lie algebras and a k-form satisfying certain conditions. (C) 2011 American Institute of Physics. [doi:10.1063/1.3653197]},
    author       = {Arnlind, Joakim and Makhlouf, Abdenacer and Silvestrov, Sergei},
    issn         = {0022-2488},
    language     = {eng},
    number       = {12},
    publisher    = {American Institute of Physics},
    series       = {Journal of Mathematical Physics},
    title        = {Construction of n-Lie algebras and n-ary Hom-Nambu-Lie algebras},
    url          = {http://dx.doi.org/10.1063/1.3653197},
    volume       = {52},
    year         = {2011},
}

@article{AKMS:2014,
    year={2014},
    isbn={978-3-642-55360-8},
    booktitle={Algebra, Geometry and Mathematical Physics},
    volume={85},
    series={Springer Proceedings in Mathematics & Statistics},
    editor={Makhlouf, Abdenacer and Paal, Eugen and Silvestrov, Sergei D. and Stolin, Alexander},
    doi={10.1007/978-3-642-55361-5_9},
    title={Structure and Cohomology of 3-Lie Algebras Induced by Lie Algebras},
    url={http://dx.doi.org/10.1007/978-3-642-55361-5_9},
    publisher={Springer Berlin Heidelberg},
    author={Arnlind, Joakim and Kitouni, Abdennour and Makhlouf, Abdenacer and Silvestrov, Sergei},
    pages={123-144},
    language={English}
}

@book{johan1989survey,
    title={A Survey of Lie Groups and Lie Algebra with Applications and Computational Methods},
    author={Johan G. F. Belinfante and Bernard Kolman},
    isbn={9780898712438},
    lccn={89019699},
    series={Classics in Applied Mathematics},
    url={http://books.google.ee/books?id=ET6YYPeOOIMC},
    year={1989},
    publisher={Society for Industrial and Applied Mathematics}
}

@article{hochschild1966,
    author       = {Hochschild, Gerhard},
    issn         = {1088-6826},
    language     = {eng},
    publisher    = {American Mathematical Society},
    series       = {Proceedings of the American Mathematical Society},
    title        = {An addition to Ado's theorem},
    url          = {http://www.ams.org/journals/proc/1966-017-02/S0002-9939-1966-0194482-0/home.html#References},
    volume       = {17},
    pages={531-533},
    year         = {1966},
}
