@book{johan1989survey,
  title={A Survey of Lie Groups and Lie Algebra with Applications and Computational Methods},
  author={Johan G. F. Belinfante and Bernard Kolman},
  isbn={9780898712438},
  lccn={89019699},
  series={Classics in Applied Mathematics},
  url={http://books.google.ee/books?id=ET6YYPeOOIMC},
  year={1989},
  publisher={Society for Industrial and Applied Mathematics}
}
