@inbook{doi:10.1137/1.9781611971330.fm,
    title = {Front Matter},
    booktitle = {A Survey of Lie Groups and Lie Algebras with Applications and Computational Methods},
    chapter = {0},
    pages = {i-xii},
    doi = {10.1137/1.9781611971330.fm},
    URL = {http://epubs.siam.org/doi/abs/10.1137/1.9781611971330.fm},
    eprint = {http://epubs.siam.org/doi/pdf/10.1137/1.9781611971330.fm}
}

@inbook{doi:10.1137/1.9781611971330.int,
    title = {Introduction},
    booktitle = {A Survey of Lie Groups and Lie Algebras with Applications and Computational Methods},
    chapter = {1},
    pages = {3-4},
    doi = {10.1137/1.9781611971330.int},
    URL = {http://epubs.siam.org/doi/abs/10.1137/1.9781611971330.int},
    eprint = {http://epubs.siam.org/doi/pdf/10.1137/1.9781611971330.int}
}

@inbook{doi:10.1137/1.9781611971330.ch1,
    title = {1. Lie Groups and Lie Algebras},
    booktitle = {A Survey of Lie Groups and Lie Algebras with Applications and Computational Methods},
    chapter = {2},
    pages = {5-49},
    doi = {10.1137/1.9781611971330.ch1},
    URL = {http://epubs.siam.org/doi/abs/10.1137/1.9781611971330.ch1},
    eprint = {http://epubs.siam.org/doi/pdf/10.1137/1.9781611971330.ch1}
}

@inbook{doi:10.1137/1.9781611971330.ch2,
    title = {2. Representation Theory},
    booktitle = {A Survey of Lie Groups and Lie Algebras with Applications and Computational Methods},
    chapter = {3},
    pages = {51-89},
    doi = {10.1137/1.9781611971330.ch2},
    URL = {http://epubs.siam.org/doi/abs/10.1137/1.9781611971330.ch2},
    eprint = {http://epubs.siam.org/doi/pdf/10.1137/1.9781611971330.ch2}
}

@inbook{doi:10.1137/1.9781611971330.ch3,
    title = {3. Constructive Methods},
    booktitle = {A Survey of Lie Groups and Lie Algebras with Applications and Computational Methods},
    chapter = {4},
    pages = {91-147},
    doi = {10.1137/1.9781611971330.ch3},
    URL = {http://epubs.siam.org/doi/abs/10.1137/1.9781611971330.ch3},
    eprint = {http://epubs.siam.org/doi/pdf/10.1137/1.9781611971330.ch3}
}

@inbook{doi:10.1137/1.9781611971330.bm,
    title = {Back Matter},
    booktitle = {A Survey of Lie Groups and Lie Algebras with Applications and Computational Methods},
    chapter = {5},
    pages = {149-164},
    doi = {10.1137/1.9781611971330.bm},
    URL = {http://epubs.siam.org/doi/abs/10.1137/1.9781611971330.bm},
    eprint = {http://epubs.siam.org/doi/pdf/10.1137/1.9781611971330.bm}
}
