@incollection{
year={2014},
isbn={978-3-642-55360-8},
booktitle={Algebra, Geometry and Mathematical Physics},
volume={85},
series={Springer Proceedings in Mathematics & Statistics},
editor={Makhlouf, Abdenacer and Paal, Eugen and Silvestrov, Sergei D. and Stolin, Alexander},
doi={10.1007/978-3-642-55361-5_9},
title={Structure and Cohomology of 3-Lie Algebras Induced by Lie Algebras},
url={http://dx.doi.org/10.1007/978-3-642-55361-5_9},
publisher={Springer Berlin Heidelberg},
author={Arnlind, Joakim and Kitouni, Abdennour and Makhlouf, Abdenacer and Silvestrov, Sergei},
pages={123-144},
language={English}
}
