@Article{Abramov:2014,
     author        = "Abramov, Viktor",
     title         = "{Super 3-Lie Algebras Induced by Super Lie Algebras}",
     year          = "2014",
     archivePrefix = "arXiv",
     eprint        = "1410.5923",
     primaryClass  = "math.RA",
}